<?xml version="1.0" encoding="UTF-8"?>
<record xmlns="http://www.loc.gov/MARC21/slim">
  <leader>03551cjm a2200577 a 4500</leader>
  <controlfield tag="001">cihm_88861</controlfield>
  <controlfield tag="003">CaSfIA</controlfield>
  <controlfield tag="005">20151008010651.0</controlfield>
  <controlfield tag="007">cr||||||||||||</controlfield>
  <controlfield tag="008">931018s1995    hu ccnn  di       n lat  </controlfield>
  <datafield tag="010" ind1=" " ind2=" ">
    <subfield code="a">   93727678</subfield>
  </datafield>
  <datafield tag="024" ind1="3" ind2=" ">
    <subfield code="a">5991813129222</subfield>
  </datafield>
  <datafield tag="028" ind1="0" ind2="2">
    <subfield code="a">HCD 31292</subfield>
    <subfield code="b">Hungaroton</subfield>
  </datafield>
  <datafield tag="028" ind1="0" ind2="0">
    <subfield code="a">31292</subfield>
    <subfield code="b">Hungaroton</subfield>
  </datafield>
  <datafield tag="035" ind1=" " ind2=" ">
    <subfield code="a">ocm29308554</subfield>
  </datafield>
  <datafield tag="040" ind1=" " ind2=" ">
    <subfield code="a">DLC</subfield>
    <subfield code="b">eng</subfield>
    <subfield code="c">DLC</subfield>
    <subfield code="d">SNN</subfield>
    <subfield code="d">PUL</subfield>
    <subfield code="d">AEU</subfield>
    <subfield code="d">CaSfIA</subfield>
  </datafield>
  <datafield tag="041" ind1="0" ind2=" ">
    <subfield code="d">lat</subfield>
    <subfield code="g">lateng</subfield>
    <subfield code="h">eng</subfield>
  </datafield>
  <datafield tag="045" ind1=" " ind2=" ">
    <subfield code="a">s5t5</subfield>
  </datafield>
  <datafield tag="047" ind1=" " ind2=" ">
    <subfield code="a">ms</subfield>
    <subfield code="a">mo</subfield>
  </datafield>
  <datafield tag="048" ind1=" " ind2=" ">
    <subfield code="a">ca</subfield>
  </datafield>
  <datafield tag="049" ind1=" " ind2=" ">
    <subfield code="a">UABA</subfield>
  </datafield>
  <datafield tag="050" ind1=" " ind2="4">
    <subfield code="a">M1999.S368</subfield>
    <subfield code="b">R4 1995</subfield>
  </datafield>
  <datafield tag="050" ind1="0" ind2="0">
    <subfield code="a">SDA 88861</subfield>
  </datafield>
  <datafield tag="090" ind1=" " ind2=" ">
    <subfield code="a">M 1999 S368 R4 1995</subfield>
    <subfield code="b">AEU</subfield>
  </datafield>
  <datafield tag="110" ind1="2" ind2=" ">
    <subfield code="a">Schola Hungarica.</subfield>
  </datafield>
  <datafield tag="245" ind1="1" ind2="0">
    <subfield code="a">Recollectio Festorum Beatae Mariae Virginis</subfield>
    <subfield code="h">[electronic resource] </subfield>
    <subfield code="c">Guillaume du Fay.</subfield>
  </datafield>
  <datafield tag="260" ind1=" " ind2=" ">
    <subfield code="a">Hungary :</subfield>
    <subfield code="b">Hungaroton,</subfield>
    <subfield code="c">p1995.</subfield>
  </datafield>
  <datafield tag="300" ind1=" " ind2=" ">
    <subfield code="a">1 sound disc :</subfield>
    <subfield code="b">digital, stereo. ;</subfield>
    <subfield code="c">4 3/4 in.</subfield>
  </datafield>
  <datafield tag="306" ind1=" " ind2=" ">
    <subfield code="a">010722</subfield>
  </datafield>
  <datafield tag="500" ind1=" " ind2=" ">
    <subfield code="a">Text by Gilles Carlier; chant attributed to Dufay; later polyphonic settings by Dufay, Josquin, and Clemens non Papa interpolated.</subfield>
  </datafield>
  <datafield tag="500" ind1=" " ind2=" ">
    <subfield code="a">Compact disc.</subfield>
  </datafield>
  <datafield tag="500" ind1=" " ind2=" ">
    <subfield code="a">Program notes and Latin text with English translations (27 p.) inserted in container.</subfield>
  </datafield>
  <datafield tag="505" ind1="0" ind2=" ">
    <subfield code="a">Ad primas vesperas: Tenebrae diffugiunt/Solem iustitiae/Gabriel archangelus ; Non concava vallium ; Virgo puerum sistit (2:25) -- Gaude redempta (2:14) --Surge, propera, columba mea (2:12) -- Ora pro nobis ; Vivi speciosam ; Deus qui nos (2:24) -- Alma Redemptoris Mater / Du Fay (3:03). -- Ad matutinum: Festa Genitricis Dei recolentes (3:03). -- Nocturnus I: Virga florem paritura/Anna parit Ioachin/Angeles mittitur (1:08) -- Dolens pietas divina ; Omnipotens Dominus hominis lapsum (2:13) -- Ipse qui novit ; Ad nutum Domini (1:59) -- Haec est enim, quam splendor ; Suscipe verbum (2:47). -- Nocturnus II: Festinat ad cognatam/Femina vetus/Virgo Mater Filium (1:09) -- Quae humiliter consentiens ; Ibo ad montem myrrhae (2:02) -- Ipsa prius salutavit ; Ut audivit Praecursoris (2:18) -- Officiis decenter peractis ; Senex puerum portabat (2:51) -- Plaude, superna Sion / Clemens non Papa (4:29). --</subfield>
  </datafield>
  <datafield tag="505" ind1="0" ind2=" ">
    <subfield code="a">(cont.): Nocturnus III: Salve, vellus/Tota pulchra es/Gloriam Virginis (1:32) -- O beate senex ; Scandit ad aethera (1:43) -- Si reges morituri ; O felix Virgo (1:55) -- Iam hiems sub lege ; Plaude superna Sion (3:01). -- Ad laudes: Beata es, Dei Genitrix (0:53). -- Ad missam: Luce splendida fulgebis (1:14) -- Beati omnes (2:07) -- Mittit ad sterilem / Josquin Desprez (6:35). -- Ad secundas vesperas: Antiquum consilium/Anna stellam matutinam/Mittitur ad Mariam ; Vetulam visitat/Aeternum Puerumque (2:03) --Nuntiat angelus (3:33) -- Signum magnum apparuit ; Ave, Virgo speciosa ; Magnificat 3 vocum / Du Fay (6:17).</subfield>
  </datafield>
  <datafield tag="511" ind1="0" ind2=" ">
    <subfield code="a">Schola Hungarica ; Janka Szendrei, L치szl칩 Dobszay, conductors.</subfield>
  </datafield>
  <datafield tag="596" ind1=" " ind2=" ">
    <subfield code="a">43</subfield>
  </datafield>
  <datafield tag="650" ind1=" " ind2="0">
    <subfield code="a">Gregorian chants.</subfield>
  </datafield>
  <datafield tag="650" ind1=" " ind2="0">
    <subfield code="a">Masses, Unaccompanied.</subfield>
  </datafield>
  <datafield tag="650" ind1=" " ind2="0">
    <subfield code="a">Motets.</subfield>
  </datafield>
  <datafield tag="700" ind1="1" ind2=" ">
    <subfield code="a">Carlier, Gilles.</subfield>
  </datafield>
  <datafield tag="700" ind1="1" ind2=" ">
    <subfield code="a">Szendrei, Janka.</subfield>
  </datafield>
  <datafield tag="700" ind1="1" ind2=" ">
    <subfield code="a">Dobszay, L치szl칩.</subfield>
  </datafield>
  <datafield tag="700" ind1="1" ind2="2">
    <subfield code="a">Dufay, Guillaume,</subfield>
    <subfield code="d">d. 1474.</subfield>
    <subfield code="t">Recollectio Festorum Beatae Mariae Virginis.</subfield>
  </datafield>
  <datafield tag="700" ind1="1" ind2="2">
    <subfield code="a">Dufay, Guillaume,</subfield>
    <subfield code="d">d. 1474.</subfield>
    <subfield code="t">Alma Redemptoris Mater.</subfield>
    <subfield code="n">no. 1.</subfield>
  </datafield>
  <datafield tag="700" ind1="1" ind2="2">
    <subfield code="a">Clemens non Papa, Jacobus,</subfield>
    <subfield code="d">ca. 1510-ca. 1555.</subfield>
    <subfield code="t">Plaude, superna Sion.</subfield>
  </datafield>
  <datafield tag="700" ind1="0" ind2="2">
    <subfield code="a">Josquin,</subfield>
    <subfield code="c">des Prez,</subfield>
    <subfield code="d">d. 1521.</subfield>
    <subfield code="t">Mittit ad Virginem.</subfield>
  </datafield>
  <datafield tag="700" ind1="1" ind2="2">
    <subfield code="a">Dufay, Guillaume,</subfield>
    <subfield code="d">d. 1474.</subfield>
    <subfield code="t">Magnificat quinti toni.</subfield>
  </datafield>
  <datafield tag="856" ind1="4" ind2="1">
    <subfield code="u">http://archive.org/details/cihm_88861</subfield>
    <subfield code="z">Free eBook from the Internet Archive</subfield>
  </datafield>
  <datafield tag="856" ind1="4" ind2="2">
    <subfield code="u">http://www.openlibrary.org/books/OL25526039M</subfield>
    <subfield code="z">Additional information and access via Open Library</subfield>
  </datafield>
  <datafield tag="019" ind1=" " ind2=" ">
    <subfield code="a">23137487</subfield>
    <subfield code="a">26879655</subfield>
  </datafield>
</record>
